@book{Wright:2015tp,
author = {Wright, Jacob L.},
editor = {Strawn, Brent A},
title = {{The Oxford Encyclopedia of the Bible and Law}},
year = {2015},
volume = {2},
month = feb,
affiliation = {Emory University},
keywords = {Lexikon},
isbn = {9780190204907},
language = {English},
read = {Yes},
rating = {0},
date-added = {2015-09-14T15:44:58GMT},
date-modified = {2015-09-29T20:06:22GMT},
url = {http://books.google.de/books?id=-IMfogEACAAJ&dq=isbn:9780190204907&hl=&cd=1&source=gbs_api},
uri = {\url{papers3://publication/uuid/E86BDEA9-2637-497C-A785-21B0CC2258DD}}
}
@book{LXX,
author = {Rahlfs, Alfred and Hanhart, Robert},
title = {{Septuaginta : id est Vetus Testamentum graece iuxta LXX interpretes; duo volumina in uno}},
publisher = {Deutsche Bibelgesellschaft},
year = {2006},
address = {Stuttgart},
edition = {Ed. altera / quam recognovit et emendavit Robert Hanhart},
annote = {Paralleltitel:: H{\={e}} palaia diath{\={e}}k{\={e}} kata tus Hebdom{\={e}}konta (LXX)},
keywords = {Quelle},
isbn = {3-438-05119-2, 978-3-438-05119-6},
language = {Ancient Greek},
rating = {0},
date-added = {2016-02-23T11:19:16GMT},
date-modified = {2016-02-23T11:20:04GMT},
uri = {\url{papers3://publication/uuid/3346CC23-C647-4CF1-B0F2-662F91C629CA}}
}
@book{BHS,
author = {Elliger, Karl Hrsg and Schenker, Adrian},
title = {{Biblia Hebraica Stuttgartensia = T{\^o}r{\=a}, nev{\^\i}Ê¾{\^\i}m {\^u}-ket{\^u}v{\^\i}m}},
publisher = {Deutsche Bibelgesellschaft},
year = {1997},
address = {Stuttgart},
annote = {Text in hebr. Schr.},
keywords = {Quelle},
isbn = {3-438-05218-0},
read = {Yes},
rating = {0},
date-added = {2015-09-21T15:22:56GMT},
date-modified = {2016-02-23T11:32:23GMT},
url = {http://www.worldcat.org/title/biblia-hebraica-stuttgartensia-quae-antea-cooperantibus-a-alt-et-al-ediderat-r-kittel/oclc/613725867},
uri = {\url{papers3://publication/uuid/CD48B37A-930C-4569-BB82-1C2545D69347}}
}


@book{NA:28,
author = {Nestle, Eberhard and Strutwolf, Holger and Aland, Barbara},
title = {{Novum testamentum Graece}},
publisher = {Dt. Bibelges.},
year = {2013},
address = {Stuttgart},
annote = {Bibeltext griech. in griech. Schr. - Auf der Hauptitels. auch: Nestle-Aland. - Auf Banderole: The scholarly edition of the Greek New Testament. - Beil.: Witnesses, signs, abbreviations., Paralleltitel: Novum testamentum Graece},
isbn = {978-3-438-05160-8},
read = {Yes},
rating = {0},
keywords = {Quelle},
date-added = {2015-09-21T15:28:12GMT},
date-modified = {2015-11-26T12:57:08GMT},
url = {http://www.worldcat.org/title/holy-bible-nestle-aland-28th-revised-ed-of-the-greek-new-testament-with-revised-greek-english-dictionary/oclc/827256367},
uri = {\url{papers3://publication/uuid/8C5971C4-A89F-4774-AD36-F184958A8BCC}}
}


@book{anhalter,
author = {Adams, Douglas and Schwarz, Benjamin},
title = {{Per Anhalter durch die Galaxis}},
year = {2009},
series = {Das Restaurant am Ende des Universums. Zwei Romane in einem Band. Douglas Adams},
isbn = {9783453406933},
language = {German},
rating = {0},
date-added = {2016-02-23T11:01:33GMT},
date-modified = {2016-02-23T11:02:00GMT},
abstract = {Es beginnt damit, dass der Engl{\"a}nder Arthur Dent sein Haus r{\"a}umen muss, denn die Erde soll gesprengt werden, um einer Hyperraum-Umgehungsstrasse Platz zu machen. Was folgt ist die unglaublichste Odyssee in der Geschichte des Weltalls. In diesem Band finden sich die ersten beiden Abenteuer von Arthur Dent.(Quelle: Inhaltstext).},
url = {http://books.google.de/books?id=chrxPQAACAAJ&dq=per+anhalter+inauthor:douglas+adams&hl=&cd=5&source=gbs_api},
uri = {\url{papers3://publication/uuid/5D34175C-BB1A-452D-A7D6-7B00705B84FD}}
}

@book {ZengerPs,
author = {Zenger, Erich and Hossfeld, Frank-Lothar},
title = {Psalmen 101 - 150},
address = {Freiburg; Basel; Wien},
year = {2008},
publisher = {Herder},
keywords = {Kommentar}
pages = {912 S.},
URL = {http://bvbr.bib-bvb.de:8991/F?func=service&doc_library=BVB01&doc_number=010300968&line_number=0001&func_code=DB_RECORDS&service_type=MEDIA},
URL = {http://swbplus.bsz-bw.de/bsz285030566rez.htm},
ISBN = {978-3-451-26827-4},
}

@article{Avakian:2012tz,
author = {Avakian, Sylvie},
title = {{The Mystery of Divine Lovein the Apophatic Theology of Bishop George Khodr}},
journal = {NEST Theological Review},
year = {2012},
number = {33},
pages = {39--68},
month = jul,
keywords = {Seminarunterlage, T{\"u}bingen},
read = {Yes},
rating = {0},
date-added = {2015-10-28T10:36:01GMT},
date-modified = {2016-02-23T10:58:34GMT},
local-url = {file://localhost/Users/shalom/Dropbox/apps/Papers2/Library.papers2/Library.papers3/Files/2E/2E7ED745-8A48-47FF-AC70-2095D1FBC525.pdf},
file = {{2E7ED745-8A48-47FF-AC70-2095D1FBC525.pdf:/Users/shalom/Dropbox/apps/Papers2/Library.papers2/Library.papers3/Files/2E/2E7ED745-8A48-47FF-AC70-2095D1FBC525.pdf:application/pdf}},
uri = {\url{papers3://publication/uuid/99E0A6B5-21BC-49FD-8F57-CF7667D0FDCC}}
}

